@inproceedings{chen2016xgboost,
  title={Xgboost: A scalable tree boosting system},
  author={Chen, Tianqi and Guestrin, Carlos},
  booktitle={Proceedings of the 22nd acm sigkdd international conference on knowledge discovery and data mining},
  pages={785--794},
  year={2016}
}

@Book{TRAC:2020,
  editor    = {Ritesh Kumar  and  Atul Kr. Ojha  and  Bornini Lahiri  and  Marcos Zampieri  and  Shervin Malmasi  and  Vanessa Murdock  and  Daniel Kadar},
  title     = {Proceedings of the Second Workshop on Trolling, Aggression and Cyberbullying},
  month          = {May},
  year           = {2020},
  address        = {Marseille, France},
  isbn = {979-10-95546-56-6},
  publisher      = {European Language Resources Association (ELRA)},
  url       = {https://www.aclweb.org/anthology/2020.trac-1}
}

@misc{devlin2019bert,
      title={BERT: Pre-training of Deep Bidirectional Transformers for Language Understanding}, 
      author={Jacob Devlin and Ming-Wei Chang and Kenton Lee and Kristina Toutanova},
      year={2019},
      eprint={1810.04805},
      archivePrefix={arXiv},
      primaryClass={cs.CL}
}

@misc{wu2018conditional,
      title={Conditional BERT Contextual Augmentation}, 
      author={Xing Wu and Shangwen Lv and Liangjun Zang and Jizhong Han and Songlin Hu},
      year={2018},
      eprint={1812.06705},
      archivePrefix={arXiv},
      primaryClass={cs.CL}
}

@inproceedings{risch2020offensive,
title = "Offensive Language Detection Explained",
author = "Risch, Julian and Ruff, Robin and Krestel, Ralf",
booktitle = "Proceedings of the Second Workshop on Trolling, Aggression and Cyberbullying (TRAC@LREC)",
year = "2020",
publisher = "European Language Resources Association (ELRA)",
pages = "137--143"
}

@inproceedings{baruah-etal-2020-aggression,
    title = "Aggression Identification in {E}nglish, {H}indi and {B}angla Text using {BERT}, {R}o{BERT}a and {SVM}",
    author = "Baruah, Arup  and
      Das, Kaushik  and
      Barbhuiya, Ferdous  and
      Dey, Kuntal",
    booktitle = "Proceedings of the Second Workshop on Trolling, Aggression and Cyberbullying",
    month = may,
    year = "2020",
    address = "Marseille, France",
    publisher = "European Language Resources Association (ELRA)",
    url = "https://aclanthology.org/2020.trac-1.12",
    pages = "76--82",
    language = "English",
    ISBN = "979-10-95546-56-6",
}

@inproceedings{Niloofar-etal-TRAC2020-AggressionDetection-BERT-MultiTask,
title = {Aggression and Misogyny Detection using {BERT}: A Multi-Task Approach},
author = {Safi Samghabadi, Niloofar and Patwa, Parth and PYKL, Srinivas and Mukherjee, Prerana and Das, Amitava and Solorio, Thamar},
booktitle = {Proceedings of the Second Workshop on Trolling, Aggression and Cyberbullying (TRAC-2020)},
month = {May},
year = {2020},
address = {Marseille, France},
publisher = {European Language Resources Association (ELRA)},
 pages = {126--131},
url = {https://www.aclweb.org/anthology/2020.trac-1.20/}
}

@InProceedings{trac2-dataset,
author = {Bhattacharya, Shiladitya and Singh, Siddharth and Kumar, Ritesh and Bansal, Akanksha and Bhagat, Akash and Dawer, Yogesh and Lahiri, Bornini and Ojha, Atul Kr.},
title = {Developing a Multilingual Annotated Corpus of Misogyny and Aggression},
booktitle = {Proceedings of the Second Workshop on Trolling, Aggression and Cyberbullying},
month = {May},
year = {2020},
address = {Marseille, France},
publisher = {European Language Resources Association (ELRA)},
pages = {158--168},
url = {https://www.aclweb.org/anthology/2020.trac2-1.25}
}

@inproceedings{razavi2010offensive,
  title={Offensive language detection using multi-level classification},
  author={Razavi, Amir H and Inkpen, Diana and Uritsky, Sasha and Matwin, Stan},
  booktitle={Canadian Conference on Artificial Intelligence},
  pages={16--27},
  year={2010},
  organization={Springer}
}
%Razavi

@inproceedings{kumar2018trac,
  title={Trac-1 shared task on aggression identification: Iit (ism)@ coling’18},
  author={Kumar, Ritesh and Bhanodai, Guggilla and Pamula, Rajendra and Chennuru, Maheshwar Reddy},
  booktitle={Proceedings of the first workshop on trolling, aggression and cyberbullying (TRAC-2018)},
  pages={58--65},
  year={2018}
}
%Ritesh Kumar 2018

@inproceedings{kumar2020evaluating,
  title={Evaluating aggression identification in social media},
  author={Kumar, Ritesh and Ojha, Atul Kr and Malmasi, Shervin and Zampieri, Marcos},
  booktitle={Proceedings of the Second Workshop on Trolling, Aggression and Cyberbullying},
  pages={1--5},
  year={2020}
}
%Ritesh Kumar 2020

@article{cambria2010not,
  title={Do not feel the trolls},
  author={Cambria, Erik and Chandra, Praphul and Sharma, Avinash and Hussain, Amir},
  journal={ISWC, Shanghai},
  year={2010}
}
%cambria 2010

@inproceedings{mihaylov2015finding,
  title={Finding opinion manipulation trolls in news community forums},
  author={Mihaylov, Todor and Georgiev, Georgi and Nakov, Preslav},
  booktitle={Proceedings of the nineteenth conference on computational natural language learning},
  pages={310--314},
  year={2015}
}
%Mihaylov 2015

@inproceedings{de2018modeling,
  title={Modeling trolling in social media conversations},
  author={de la Vega, Luis Gerardo Mojica and Ng, Vincent},
  booktitle={Proceedings of the Eleventh International Conference on Language Resources and Evaluation (LREC 2018)},
  year={2018}
}
%Mojica 2016

@inproceedings{anzovino2018automatic,
  title={Automatic identification and classification of misogynistic language on twitter},
  author={Anzovino, Maria and Fersini, Elisabetta and Rosso, Paolo},
  booktitle={International Conference on Applications of Natural Language to Information Systems},
  pages={57--64},
  year={2018},
  organization={Springer}
}
%Fersini 2018

@inproceedings{xu2012learning,
  title={Learning from bullying traces in social media},
  author={Xu, Jun-Ming and Jun, Kwang-Sung and Zhu, Xiaojin and Bellmore, Amy},
  booktitle={Proceedings of the 2012 conference of the North American chapter of the association for computational linguistics: Human language technologies},
  pages={656--666},
  year={2012}
}
%Xu 2012

@inproceedings{dadvar2013improving,
  title={Improving cyberbullying detection with user context},
  author={Dadvar, Maral and Trieschnigg, Dolf and Ordelman, Roeland and de Jong, Franciska},
  booktitle={European Conference on Information Retrieval},
  pages={693--696},
  year={2013},
  organization={Springer}
}
%Dadvar 2013

@phdthesis{greevy2004automatic,
  title={Automatic text categorisation of racist webpages},
  author={Greevy, Edel},
  year={2004},
  school={Dublin City University}
}
%Greevy 2004

@inproceedings{nobata2016abusive,
  title={Abusive language detection in online user content},
  author={Nobata, Chikashi and Tetreault, Joel and Thomas, Achint and Mehdad, Yashar and Chang, Yi},
  booktitle={Proceedings of the 25th international conference on world wide web},
  pages={145--153},
  year={2016}
}
%Nobata 2016

@inproceedings{inproceedings,
author = {Djuric, Nemanja and Zhou, Jing and Morris, Robin and Grbovic, Mihajlo and Radosavljevic, Vladan and Bhamidipati, Narayan},
year = {2015},
month = {05},
pages = {29-30},
title = {Hate Speech Detection with Comment Embeddings},
doi = {10.1145/2740908.2742760}
}
%Djuric 2015

@misc{davidson2017automated,
      title={Automated Hate Speech Detection and the Problem of Offensive Language}, 
      author={Thomas Davidson and Dana Warmsley and Michael Macy and Ingmar Weber},
      year={2017},
      eprint={1703.04009},
      archivePrefix={arXiv},
      primaryClass={cs.CL}
}
%Davidson 2017

@misc{mandla2021overview,
      title={Overview of the HASOC track at FIRE 2020: Hate Speech and Offensive Content Identification in Indo-European Languages}, 
      author={Thomas Mandla and Sandip Modha and Gautam Kishore Shahi and Amit Kumar Jaiswal and Durgesh Nandini and Daksh Patel and Prasenjit Majumder and Johannes Schäfer},
      year={2021},
      eprint={2108.05927},
      archivePrefix={arXiv},
      primaryClass={cs.CL}
}
%Mandl 2019

@inproceedings{garibo-i-orts-2019-multilingual,
    title = "Multilingual Detection of Hate Speech Against Immigrants and Women in {T}witter at {S}em{E}val-2019 Task 5: Frequency Analysis Interpolation for Hate in Speech Detection",
    author = "Garibo i Orts, {\`O}scar",
    booktitle = "Proceedings of the 13th International Workshop on Semantic Evaluation",
    month = jun,
    year = "2019",
    address = "Minneapolis, Minnesota, USA",
    publisher = "Association for Computational Linguistics",
    url = "https://aclanthology.org/S19-2081",
    doi = "10.18653/v1/S19-2081",
    pages = "460--463",
    abstract = "This document describes a text change of representation approach to the task of Multilingual Detection of Hate Speech Against Immigrants and Women in Twitter, as part of SemEval-2019 1 . The task is divided in two sub-tasks. Sub-task A consists in classifying tweets as being hateful or not hateful, whereas sub-task B requires fine tuning the classification by classifying the hateful tweets as being directed to single individuals or generic, if the tweet is aggressive or not. Our approach consists of a change of the space of representation of text into statistical descriptors which characterize the text. In addition, dimensional reduction is performed to 6 characteristics per class in order to make the method suitable for a Big Data environment. Frequency Analysis Interpolation (FAI) is the approach we use to achieve rank 5th in Spanish language and 9th in English language in sub-task B in both cases.",
}
%Basile 2019

@inproceedings{su-etal-2017-rephrasing,
    title = "Rephrasing Profanity in {C}hinese Text",
    author = "Su, Hui-Po  and
      Huang, Zhen-Jie  and
      Chang, Hao-Tsung  and
      Lin, Chuan-Jie",
    booktitle = "Proceedings of the First Workshop on Abusive Language Online",
    month = aug,
    year = "2017",
    address = "Vancouver, BC, Canada",
    publisher = "Association for Computational Linguistics",
    url = "https://aclanthology.org/W17-3003",
    doi = "10.18653/v1/W17-3003",
    pages = "18--24",
    abstract = "This paper proposes a system that can detect and rephrase profanity in Chinese text. Rather than just masking detected profanity, we want to revise the input sentence by using inoffensive words while keeping their original meanings. 29 of such rephrasing rules were invented after observing sentences on real-word social websites. The overall accuracy of the proposed system is 85.56{\%}",
}
%Hui-Po Su 2017

@article{kalra2019automatic,
  title={Automatic classification of pathology reports using TF-IDF Features},
  author={Kalra, Shivam and Li, Larry and Tizhoosh, Hamid R},
  journal={arXiv preprint arXiv:1903.07406},
  year={2019}
}
%Kalra Tizhoosh 2019

@misc{dutta2021sequencetosequence,
      title={Sequence-to-Sequence Learning on Keywords for Efficient FAQ Retrieval}, 
      author={Sourav Dutta and Haytham Assem and Edward Burgin},
      year={2021},
      eprint={2108.10019},
      archivePrefix={arXiv},
      primaryClass={cs.IR}
}
%Dutta Assem Burgin 2021

@misc{lepekhin2021experiments,
      title={Experiments with adversarial attacks on text genres}, 
      author={Mikhail Lepekhin and Serge Sharoff},
      year={2021},
      eprint={2107.02246},
      archivePrefix={arXiv},
      primaryClass={cs.CL}
}
%Lepekhin Sharoff 2021

@misc{fattahi2020spaml,
      title={SpaML: a Bimodal Ensemble Learning Spam Detector based on NLP Techniques}, 
      author={Jaouhar Fattahi and Mohamed Mejri},
      year={2020},
      eprint={2010.07444},
      archivePrefix={arXiv},
      primaryClass={cs.CR}
}
%Fattahi 2020

@misc{ma2020xtqa,
      title={XTQA: Span-Level Explanations of the Textbook Question Answering}, 
      author={Jie Ma and Jun Liu and Junjun Li and Qinghua Zheng and Qingyu Yin and Jianlong Zhou and Yi Huang},
      year={2020},
      eprint={2011.12662},
      archivePrefix={arXiv},
      primaryClass={cs.CL}
}
%Ma 2020

@misc{azhar2021finetuning,
      title={Fine-tuning Pretrained Multilingual BERT Model for Indonesian Aspect-based Sentiment Analysis}, 
      author={Annisa Nurul Azhar and Masayu Leylia Khodra},
      year={2021},
      eprint={2103.03732},
      archivePrefix={arXiv},
      primaryClass={cs.CL}
}
%Azhar Khodra 2021

@misc{septiandri2017predicting,
      title={Predicting the Gender of Indonesian Names}, 
      author={Ali Akbar Septiandri},
      year={2017},
      eprint={1707.07129},
      archivePrefix={arXiv},
      primaryClass={cs.CL}
}
%Septiandri 2017

@misc{jabreel2018eitaka,
      title={EiTAKA at SemEval-2018 Task 1: An Ensemble of N-Channels ConvNet and XGboost Regressors for Emotion Analysis of Tweets}, 
      author={Mohammed Jabreel and Antonio Moreno},
      year={2018},
      eprint={1802.09233},
      archivePrefix={arXiv},
      primaryClass={cs.CL}
}
%Jabreel Moreno 2018

@article{DBLP:journals/corr/abs-1809-01771,
  author    = {Roger A. Stein and
               Patr{\'{\i}}cia Augustin Jaques and
               Jo{\~{a}}o Francisco Valiati},
  title     = {An Analysis of Hierarchical Text Classification Using Word Embeddings},
  journal   = {CoRR},
  volume    = {abs/1809.01771},
  year      = {2018},
  url       = {http://arxiv.org/abs/1809.01771},
  eprinttype = {arXiv},
  eprint    = {1809.01771},
  timestamp = {Tue, 08 Jan 2019 08:37:33 +0100},
  biburl    = {https://dblp.org/rec/journals/corr/abs-1809-01771.bib},
  bibsource = {dblp computer science bibliography, https://dblp.org}
}
%Stein 2018

@misc{collender2020machinelearning,
      title={Machine-learning classifiers for logographic name matching in public health applications: approaches for incorporating phonetic, visual, and keystroke similarity in large-scale probabilistic record linkage}, 
      author={Philip A. Collender and Zhiyue Tom Hu and Charles Li and Qu Cheng and Xintong Li and Yue You and Song Liang and Changhong Yang and Justin V. Remais},
      year={2020},
      eprint={2001.01895},
      archivePrefix={arXiv},
      primaryClass={cs.IR}
}
%Collender 2020

@misc{tassone2020utilizing,
      title={Utilizing Deep Learning to Identify Drug Use on Twitter Data}, 
      author={Joseph Tassone and Peizhi Yan and Mackenzie Simpson and Chetan Mendhe and Vijay Mago and Salimur Choudhury},
      year={2020},
      eprint={2003.11522},
      archivePrefix={arXiv},
      primaryClass={cs.SI}
}
%Tassone 2020

@misc{gaman2020combining,
      title={Combining Deep Learning and String Kernels for the Localization of Swiss German Tweets}, 
      author={Mihaela Gaman and Radu Tudor Ionescu},
      year={2020},
      eprint={2010.03614},
      archivePrefix={arXiv},
      primaryClass={cs.CL}
}
%Gaman Ionescu 2020

@article{rahm2000data,
  title={Data cleaning: Problems and current approaches},
  author={Rahm, Erhard and Do, Hong Hai},
  journal={IEEE Data Eng. Bull.},
  volume={23},
  number={4},
  pages={3--13},
  year={2000}
}

@inproceedings{esuli2009training,
  title={Training data cleaning for text classification},
  author={Esuli, Andrea and Sebastiani, Fabrizio},
  booktitle={Conference on the Theory of Information Retrieval},
  pages={29--41},
  year={2009},
  organization={Springer}
}

@inproceedings{tang2005email,
  title={Email data cleaning},
  author={Tang, Jie and Li, Hang and Cao, Yunbo and Tang, Zhaohui},
  booktitle={Proceedings of the eleventh ACM SIGKDD international conference on Knowledge discovery in data mining},
  pages={489--498},
  year={2005}
}

@misc{tenney2019bert,
      title={BERT Rediscovers the Classical NLP Pipeline}, 
      author={Ian Tenney and Dipanjan Das and Ellie Pavlick},
      year={2019},
      eprint={1905.05950},
      archivePrefix={arXiv},
      primaryClass={cs.CL}
}

@misc{wan2021enhancing,
      title={Enhancing Clinical Information Extraction with Transferred Contextual Embeddings}, 
      author={Zimin Wan and Chenchen Xu and Hanna Suominen},
      year={2021},
      eprint={2109.07243},
      archivePrefix={arXiv},
      primaryClass={cs.CL}
}

@misc{sachidananda2021efficient,
      title={Efficient Domain Adaptation of Language Models via Adaptive Tokenization}, 
      author={Vin Sachidananda and Jason S. Kessler and Yi-an Lai},
      year={2021},
      eprint={2109.07460},
      archivePrefix={arXiv},
      primaryClass={cs.CL}
}

@article{DBLP:journals/corr/abs-1810-04805,
  author    = {Jacob Devlin and
               Ming{-}Wei Chang and
               Kenton Lee and
               Kristina Toutanova},
  title     = {{BERT:} Pre-training of Deep Bidirectional Transformers for Language
               Understanding},
  journal   = {CoRR},
  volume    = {abs/1810.04805},
  year      = {2018},
  url       = {http://arxiv.org/abs/1810.04805},
  archivePrefix = {arXiv},
  eprint    = {1810.04805},
  timestamp = {Tue, 30 Oct 2018 20:39:56 +0100},
  biburl    = {https://dblp.org/rec/journals/corr/abs-1810-04805.bib},
  bibsource = {dblp computer science bibliography, https://dblp.org}
}

@article{scikit-learn,
 title={Scikit-learn: Machine Learning in {P}ython},
 author={Pedregosa, F. and Varoquaux, G. and Gramfort, A. and Michel, V.
         and Thirion, B. and Grisel, O. and Blondel, M. and Prettenhofer, P.
         and Weiss, R. and Dubourg, V. and Vanderplas, J. and Passos, A. and
         Cournapeau, D. and Brucher, M. and Perrot, M. and Duchesnay, E.},
 journal={Journal of Machine Learning Research},
 volume={12},
 pages={2825--2830},
 year={2011}
}